<?xml version="1.0" encoding="UTF-8"?><collection xmlns="http://www.loc.gov/MARC21/slim"><record><leader>00370nam--2200121-i-4500</leader><controlfield tag="001">000001264</controlfield><controlfield tag="002">20161230</controlfield><controlfield tag="005">20161230201024</controlfield><controlfield tag="008">060222s1000------------r-----000-0-eng-d</controlfield><datafield ind1=" " ind2=" " tag="100"><subfield code="a">Hentze, Gunter</subfield></datafield><datafield ind1=" " ind2=" " tag="245"><subfield code="a">Entwicklung von eisenarmen elecktronenschleudern mit einer betriebfrequenz von 2,5 khz und 8,0 khz</subfield></datafield><datafield ind1=" " ind2=" " tag="260"><subfield code="a">Leipzig, Johann Ambrosius Barth, 1956</subfield></datafield><datafield ind1=" " ind2=" " tag="852"><subfield code="a">5526</subfield></datafield></record></collection>